
%% Created for Brent Seidel at 2010-06-01 08:51:02 -0700 


%% Saved with string encoding Unicode (UTF-8) 



@book{:1993dq,
	Annote = {LDR    01210ngm  22003135a 4500
001    11639617
005    00000000000000.0
008    941101s1993    xx 120            vlund  
035    $9(DLC)   94512360
906    $a0$bibc$corignew$du$encip$f19$gy-movingim
010    $a   94512360 
007    v| ||||||
017    $aPA694-704$bU.S. Copyright Office
040    $aDLC$cDLC$eamim
050 00 $aVTB 0808-0810 (viewing copy)
245 00 $aBabylon 5.$p[Pilot]
260    $c1993.
300    $a3 videoreels of 3 (ca. 120 min.) :$bsd., col. ;$c1 in. viewing copy.
500    $aCopyright: PTN Consortium, a division of Time Warner Entertainment Company, LP. Appl. au.: Friedgen & Company, Inc. DCR 1993; PUB 23Feb93; REG 13Apr94; PA694-704.
500    $aTwo hour pilot episode.
500    $aSources used: copyright data sheet; TV guide, 2/23/93; copyright database.
541    $dReceived: 06/29/94;$3viewing copy;$ccopyright deposit--RNR;$aC
655  7 $aScience fiction.$2mim
655  7 $aTelevision.$2mim
655  7 $aSeries.$2mim
710 2  $aCopyright Collection (Library of Congress)$5DLC
740 0  $aBabylon five.
953    $aTE01
991    $bc-MP&TV$hVTB 0808-0810 (viewing copy)$wMUMS VM File
},
	Author = {J. Michael Straczynski},
	Call-Number = {VTB 0808-0810 (viewing copy)},
	Date-Added = {2010-05-31 13:38:21 -0700},
	Date-Modified = {2010-06-01 08:51:02 -0700},
	Keywords = {Hard SF},
	Library-Id = {94512360},
	Title = {Babylon 5},
	Year = {1993}}

@book{Kubrick:1968ve,
	Abstract = {In the year 2001, a monolith is discovered on the moon, and is determined to have come from an area near Jupiter. Astronaut David Bowman, along with four companions, sets off for Jupiter on a spaceship controlled by HAL 9000, a revolutionary computer system that is every bit mankind's equal, and perhaps his superior},
	Address = {United States},
	Annote = {LDR    06439cgm  22010457a 4500
001    11612220
005    20080319085436.0
007    vducgaizu
007    vduchaizu
007    mr ceaafunara||ac197103
007    mr ceaafunara||ac197304
007    mr c|aafunaza||ac199207
007    mr z|b zu|aeak|ac199207
007    mr c|  zn|aeai|ac199207
007    mr c|  zn|aeaj|ac199207
007    mr n|abf||nz|nnac199207
007    mr c|aaf|naza||ac199509
008    921221r19831968xxu140            mleng  
906    $a0$bcbc$corignew$du$encip$f19$gy-movingim
035    $9(DLC)   92522454
010    $a   92522454 
017    $aLP36136$bU.S. Copyright Office
040    $aDLC$cDLC$dDLC$eamim$dDLC
050 00 $aDAA 1074 (viewing copy)
050 00 $aDAA 1181-1182 (viewing copy)
050 00 $aFGC 2787-2796 (viewing print)
050 00 $aFGC 5667-5676 (viewing print, copy 2)
050 00 $aCQA 0555-0564 (theatrical projection print)
050 00 $aCQA 1835-1844 (theatrical projection print, copy 2)
050 00 $aFLA 6189-6212 (yellow)
050 00 $aFLA 6213-6235 (cyan)
050 00 $aFLA 6236-6258 (magenta)
050 00 $aFLA 6259-6268 (mag track)
130 0  $a2001, a space odyssey (Motion picture)
245 10 $a2001, a space odyssey /$cMetro-Goldwyn-Mayer ; directed and produced by Stanley Kubrick ; screenplay by Stanley Kubrick and Arthur C. Clarke.
257    $aUnited States.
260    $aUnited States :$bMetro-Goldwyn-Mayer,$c1968 ;$aUnited States :$bMGM/UA Home Video,$c1981 ;$aUnited States :$bMGM/UA Home Video,$c1983.
300    $3viewing copy.$a2 videodiscs of 2 (optical) (ca. 140 min.) :$bsd., col. ;$c12 in.
300    $3viewing copy.$a2 videodiscs of 2 (CED) (ca. 140 min.) :$bsd., col. ;$c12 in.
300    $3viewing print.$a20 film reels of 20 on 10 (ca. 140 min., ca. 12,600 ft.) :$bsd., col. ;$c35 mm.
300    $3viewing print (copy 2)$a20 film reels of 20 on 10 (ca. 140 min., ca. 12,600 ft.) :$bsd., col. ;$c35 mm.
300    $3theatrical projection print.$a20 film reels of 20 on 10 (ca. 140 min., ca. 12,600 ft.) :$bsd., col. ;$c35 mm.
300    $3theatrical projection print (copy 2)$a19 film reels of 19 on 10 (ca. 140 min., ca. 12,600 ft.) :$bsd., col. ;$c35 mm.
300    $3master pos pic.$a24 film reels (ca. 140 min., ca. 12,600 ft.) :$bsi., yellow ;$c65 mm.
300    $3master pos pic.$a24 film reels (ca. 140 min., ca. 12,600 ft.) :$bsi., cyan ;$c65 mm.
300    $3master pos pic.$a24 film reels (ca. 140 min., ca. 12,600 ft.) :$bsi., magenta ;$c65 mm.
300    $3mag track.$a20 film reels of 20 on 10 (ca. 140 min., ca. 12,600 ft.) :$bsd. ;$c35 mm.
500    $aCopyright: Metro-Goldwyn-Mayer, Inc.; 3Apr68; LP36136.
508    $aMusic by Richard Strauss, Aram Khatchaturian, Gy{\"o}rgy Ligeti ; film editor, Ray Lovejoy ; director of photography, Geoffrey Unsworth ; special photographic effects designed and directed by Stanley Kubrick.
511 1  $aKeir Dullea, Gary Lockwood, William Sylvester.
500    $aViewing copy (DAA 1074) has two videodiscs in one jacket.$5DLC
500    $aTheatrical projection print (copy 2) was acquired for LC's National Film Preservation Tour, featuring titles from the National Film Registry.$5DLC
500    $aThe 72 reels of color separation master pos pic are contained in 70 cans. FLA 6206 has three reels in one can (reel 8 AB yellow, cyan, and magenta). The color separations are each complete in 24 reels. See paperwork in ACQ: Turner Entertainment Company (2001, a space odyssey) file.$5DLC
520    $aIn the year 2001, a monolith is discovered on the moon, and is determined to have come from an area near Jupiter. Astronaut David Bowman, along with four companions, sets off for Jupiter on a spaceship controlled by HAL 9000, a revolutionary computer system that is every bit mankind's equal, and perhaps his superior.
500    $aSummary from the Internet movie database.
500    $aMAVIS 1161977; 2001: A space odyssey.$5DLC
500    $aInspired by Arthur C. Clarke's epic book, The sentinel, 2001.
500    $aLC also holds a 16 mm. viewing print in the AFI/Sonneborn (Jonathan) Collection, as well as Criterion collection edition videodisc viewing copies in the LC Purchase Collection and Copyright Collection.$5DLC
586    $aThis film was selected for the National Film Registry.
500    $aLaser videodisc partially viewed for credits.
500    $aSources used: Variety, 4/3/1968; Cat. of copyright entries, motion pictures, 1960-1969, p. 570.
541    $3videodisc viewing copies ;$dReceived: ca. 1984;$cpurchase;$aLC Purchase Collection.
541    $3viewing print;$dReceived: 3/4/1971;$ccopyright deposit;$aCopyright Collection.
541    $3viewing print (copy 2);$dReceived: 4/16/1973;$cgift;$aMiscellaneous Collection.
541    $3theatrical projection print, all master pos pic and mag track;$dReceived: 7/24/1992;$cdeposit;$aTurner Entertainment Co. Collection.
541    $3theatrical projection print, copy 2;$dReceived: 9/22/1995;$cgift;$aTurner Entertainment Co. Collection.
650  0 $aEpic films.
655  7 $aScience fiction$vFeature.$2migfg
655  7 $aVideodiscs.$2gmgpc
700 1  $aKubrick, Stanley,$edirection,$eproduction,$ewriting.
700 1  $aClarke, Arthur C.$q(Arthur Charles),$d1917-2008,$ewriting.
700 1  $aDullea, Keir,$d1936-$ecast.
700 1  $aLockwood, Gary,$d1937-$ecast.
700 1  $aSylvester, William,$d1922-$ecast.
710 2  $aMetro-Goldwyn-Mayer.
710 2  $aMGM/UA Home Video (Firm)
710 2  $aLC Purchase Collection (Library of Congress)$5DLC
710 2  $aCopyright Collection (Library of Congress)$5DLC
710 2  $aMiscellaneous Collection (Library of Congress)$5DLC
710 2  $aTurner Entertainment Co. Collection (Library of Congress)$5DLC
953    $aTE01
991    $bc-MP&TV$hDAA 1074 (viewing copy)$wMUMS VM File
991    $bc-MP&TV$hDAA 1181-1182 (viewing copy)$wMUMS VM File
991    $bc-MP&TV$hFGC 2787-2796 (ref print)$wMUMS VM File
991    $bc-MP&TV$hFGC 5667-5676 (ref print, copy 2)$wMUMS VM File
991    $bc-MP&TV$hCQA 0555-0564 (arch pos)$wMUMS VM File
991    $bc-MP&TV$hFLA 6189-6212 (yellow)$wMUMS VM File
991    $bc-MP&TV$hFLA 6213-6235 (cyan)$wMUMS VM File
991    $bc-MP&TV$hFLA 6236-6258 (magenta)$wMUMS VM File
991    $bc-MP&TV$hFLA 6259-6268 (mag trk)$wMUMS VM File
},
	Author = {Kubrick, Stanley and Clarke, Arthur C and Dullea, Keir and Lockwood, Gary and Sylvester, William},
	Call-Number = {DAA 1074 (viewing copy)},
	Date-Added = {2010-05-31 13:36:32 -0700},
	Date-Modified = {2010-05-31 13:36:55 -0700},
	Genre = {Epic films},
	Keywords = {Hard SF},
	Library-Id = {92522454},
	Publisher = {Metro-Goldwyn-Mayer},
	Title = {2001, a space odyssey},
	Year = {1968}}

@book{Niven:1977rz,
	Address = {New York},
	Annote = {LDR    00724cam  2200229 i 4500
001    1290870
005    20031208171440.0
008    761208s1977    nyu           000 1 eng  
035    $9(DLC)   76045284
906    $a7$bcbc$corignew$d1$eocip$f19$gy-gencatlg
010    $a   76045284 
020    $a0030206561 :$c$8.95
040    $aDLC$cDLC$dDLC
050 00 $aPZ4.N734$bRi3$aPS3564.I9
082 00 $a813/.5/4
100 1  $aNiven, Larry.
245 10 $aRingworld :$ba novel /$cby Larry Niven.
260    $aNew York :$bHolt, Rinehart and Winston,$c1977.
300    $a342 p. ;$c22 cm.
650  0 $aRingworld (Imaginary place)$vFiction.
655  7 $aScience fiction.$2gsafd
991    $bc-GenColl$hPZ4.N734$iRi3$p00001901886$tCopy 1$wBOOKS
},
	Author = {Niven, Larry},
	Call-Number = {PZ4.N734},
	Date-Added = {2010-05-31 13:34:53 -0700},
	Date-Modified = {2010-05-31 13:35:10 -0700},
	Dewey-Call-Number = {813/.5/4},
	Genre = {Ringworld (Imaginary place)},
	Isbn = {0030206561},
	Keywords = {Hard SF},
	Library-Id = {76045284},
	Publisher = {Holt, Rinehart and Winston},
	Title = {Ringworld: a novel},
	Year = {1977}}

@book{Bear:1985fj,
	Address = {New York, N.Y.},
	Annote = {LDR    00690cam  2200229 a 4500
001    1441647
005    19940124114410.7
008    850318s1985    nyu           000 1 eng  
035    $9(DLC)   85006154
906    $a7$bcbc$corignew$d1$eocip$f19$gy-gencatlg
010    $a   85006154 
020    $a0312941447
040    $aDLC$cDLC$dDLC
050 00 $aPS3552.E157$bE55 1985
082 00 $a813/.54$219
100 1  $aBear, Greg,$d1951-
245 10 $aEon /$cGreg Bear.
250    $aA Bluejay international ed.
260    $aNew York, N.Y. :$bBluejay Books,$cc1985.
300    $a504 p. ;$c22 cm.
655  7 $aScience fiction.$2gsafd
991    $bc-GenColl$hPS3552.E157$iE55 1985$p00008674796$tCopy 1$wBOOKS
},
	Author = {Bear, Greg},
	Call-Number = {PS3552.E157},
	Date-Added = {2010-05-31 13:33:45 -0700},
	Date-Modified = {2010-05-31 13:34:05 -0700},
	Dewey-Call-Number = {813/.54},
	Edition = {A Bluejay international ed},
	Isbn = {0312941447},
	Keywords = {Hard SF},
	Library-Id = {85006154},
	Publisher = {Bluejay Books},
	Title = {Eon},
	Year = {1985}}

@misc{GreatCircle,
	Author = {Wikipedia},
	Date-Added = {2010-04-27 09:51:08 -0700},
	Date-Modified = {2010-04-27 10:09:41 -0700},
	Howpublished = {Website},
	Keywords = {Math Geography Geometry},
	Lastchecked = {27-Apr-2010},
	Month = {April},
	Note = {\url{http://en.wikipedia.org/wiki/Great-circle_distance}},
	Title = {Great-Circle Distance},
	Url = {http://en.wikipedia.org/wiki/Great-circle_distance},
	Year = {2010},
	Bdsk-Url-1 = {http://en.wikipedia.org/wiki/Great-circle_distance}}

@unpublished{Salmon09,
	Author = {Bennett, CM and Baird, AA and Miller, MB and Wolford, GL},
	Date-Added = {2009-10-26 15:21:21 -0700},
	Date-Modified = {2009-10-26 15:31:22 -0700},
	Journal = {(submitted, journal not specified)},
	Keywords = {Statistics, fMRI, Fish, Salmon},
	Note = {More information available at http://prefrontal.org/blog/2009/09/the-story-behind-the-atlantic-salmon/},
	Title = {Neural Correlates of Interspecies Perspective Taking in the Post-Mortem Atlantic Salmon: An Argument For Multiple Comparisons Correction}}

@webpage{PovRay2009,
	Date-Added = {2009-08-28 11:00:57 -0700},
	Date-Modified = {2009-08-28 11:02:14 -0700},
	Keywords = {Ray-Tracing, IEE 572},
	Lastchecked = {28-Aug-2009},
	Month = {August},
	Title = {POV-Ray - The Persistence of Vision Raytracer},
	Url = {http://www.povray.org/},
	Year = {2009},
	Bdsk-Url-1 = {http://www.povray.org/}}

@book{Montgomery:2008fj,
	Address = {Hoboken, NJ},
	Annote = {LDR    01654cam  2200397 a 4500
001    15276634
005    20080811130508.0
008    080425s2008    njua     b    001 0 eng  
906    $a7$bcbc$corignew$d1$eecip$f20$gy-gencatlg
925 0  $aacquire$b2 shelf copies$xpolicy default
955    $ajp43 2008-04-25$cjp43 2008-04-25 to subj$ajp02 2008-04-28 telework$djp02 2008-04-28$ejp02 2008-04-28 to Dewey$aaa07 2008-04-29$aps10 2008-08-06 1 copy rec'd., to CIP ver.$fjx13 2008-08-11 Z-CipVer$gjx13 2008-08-11 to BCCD
010    $a  2008019048
015    $aGBA866153$2bnb
015    $aGBA882712$2bnb
016 7  $a014614473$2Uk
016 7  $a014656402$2Uk
020    $a9780470128664 (cloth)
020    $a0470128666 (cloth)
020    $a9780470169902 (pbk.)
020    $a0470169907 (pbk.)
020    $a0470169915 (pbk.)
020    $a9780470169919 (pbk.)
035    $a(OCoLC)ocn226911743
035    $a(OCoLC)226911743$z(OCoLC)209789847$z(OCoLC)216935780$z(OCoLC)216935781
040    $aDLC$cDLC$dUKM$dYDXCP$dBTCTA$dBAKER$dC#P$dBWX$dCDX$dDLC
050 00 $aQA279$b.M66 2008
082 00 $a519.5/7$222
100 1  $aMontgomery, Douglas C.
245 10 $aDesign and analysis of experiments /$cDouglas C. Montgomery.
250    $a7th ed.
260    $aHoboken, NJ :$bWiley,$cc2008.
300    $axvii, 656 p. :$bill. ;$c26 cm.
504    $aIncludes bibliographical references (p. 647-651) and index.
650  0 $aExperimental design.
856 42 $3Publisher description$uhttp://www.loc.gov/catdir/enhancements/fy0833/2008019048-d.html
856 41 $3Table of contents only$uhttp://www.loc.gov/catdir/enhancements/fy0833/2008019048-t.html
},
	Author = {Montgomery, Douglas C},
	Call-Number = {QA279},
	Date-Added = {2009-08-28 10:58:26 -0700},
	Date-Modified = {2009-08-28 11:00:27 -0700},
	Dewey-Call-Number = {519.5/7},
	Edition = {7th ed},
	Genre = {Experimental design},
	Isbn = {9780470128664 (cloth)},
	Keywords = {IEE 572},
	Library-Id = {2008019048},
	Publisher = {Wiley},
	Title = {Design and analysis of experiments},
	Url = {http://www.loc.gov/catdir/enhancements/fy0833/2008019048-d.html},
	Year = {2008},
	Bdsk-Url-1 = {http://www.loc.gov/catdir/enhancements/fy0833/2008019048-d.html}}

@book{Tolkien:1965fj,
	Address = {Boston},
	Annote = {LDR    01284cam  2200337 a 4500
001    2441460
005    19990225081454.6
008    880322t19861965maua          000 1 eng  
035    $9(DLC)   88122831
906    $a7$bcbc$corignew$d2$encip$f19$gy-gencatlg
955    $abx55 to bd00 03-22-88
010    $a   88122831 
020    $a0395082544 (v. 1)
020    $a0395272238 (pbk. : v. 1)
040    $aDLC$cDLC$dDLC
050 00 $aPR6039.O32$bL6 1986
082 00 $a823/.912$219
100 1  $aTolkien, J. R. R.$q(John Ronald Reuel),$d1892-1973.
240 10 $aLord of the rings (1986)
245 14 $aThe lord of the rings /$cby J.R.R. Tolkien.
250    $a2nd ed.
260    $aBoston :$bHoughton Mifflin Co.,$c[1986], c1965.
300    $a3 v. :$bill. ;$c23 cm.
500    $a"The text of this edition ... constitutes an authoritative edition"--Pt. 1, t.p. verso.
500    $a"Note on the text" / David A. Anderson: pt. 1, p. [v]-viii.
505 0  $apt. 1. The fellowship of the ring -- pt. 2. The two towers -- pt. 3. The return of the king.
650  0 $aBaggins, Frodo (Fictitious character)$xFiction.
650  0 $aMiddle Earth (Imaginary place)$xFiction.
650  0 $aFantasy fiction, English.
922    $aco
991    $bc-GenColl$hPR6039.O32$iL6 1986$tCopy 1$wBOOKS
},
	Author = {Tolkien, J. R. R},
	Call-Number = {PR6039.O32},
	Date-Added = {2009-03-04 20:33:20 -0700},
	Date-Modified = {2009-03-04 20:33:44 -0700},
	Dewey-Call-Number = {823/.912},
	Edition = {2nd ed},
	Genre = {Baggins, Frodo (Fictitious character)},
	Isbn = {0395082544 (v. 1)},
	Keywords = {Fiction, Fantasy},
	Library-Id = {88122831},
	Publisher = {Houghton Mifflin Co.},
	Title = {The lord of the rings},
	Year = {1965}}

@book{Horstmann:2005rz,
	Address = {Santa Clara, Calif.},
	Annote = {LDR    01404cam  22003497a 4500
001    13643024
005    20080110165324.0
008    040701s2005    caua          001 0 eng d
906    $a7$bcbc$ccopycat$d2$eepcn$f20$gy-gencatlg
925 0  $aacquire$b2 shelf copies$xpolicy default
955    $ajf12 2005-02-15 z-processor$iJf01 2005-03-24$ejf01 2005-03-24 to Dewey$aja21 2005-07-05 Copy 2 to BCCD$aja21 2006-11-08 Copy 2 (v. 2) to BCCD$cjf07 2008-01-10  chgd record to multipart; made notes for labelling for chgs. added vol. 2 to copy 1, closed record$ejf07 2008-01-10; removed 963
955    $aADDED VOLS: v. 2 to ASCD pv19 2005-09-02
010    $a  2004109876
040    $aVYR$cVYR$dJRZ$dDLC
020    $a0131482025
035    $a(OCoLC)ocm56512026
042    $alccopycat
050 00 $aQA76.73.J38$bH6753 2005
082 04 $a005.133$222
100 1  $aHorstmann, Cay S.,$d1959-
245 10 $aCore Java 2 /$cCay S. Horstmann, Gary Cornell.
246 3  $aCore Java two
250    $a7th ed.
260    $aSanta Clara, Calif. :$bSun Microsystems Press,$cc2005.
300    $a2 v. :$bill. ;$c24 cm.
440  0 $aSun Microsystems Press Java series
500    $a"J2SE 5.0"--Cover.
500    $aIncludes indexes.
505 0  $av. 1. Fundamentals -- v. 2. Advanced feature.
650  0 $aJava (Computer program language)
700 1  $aCornell, Gary.
955    $apc10 2004-07-01$ajf00 2005-01-13
},
	Author = {Horstmann, Cay S. and Cornell, Gary},
	Call-Number = {QA76.73.J38},
	Date-Added = {2008-09-26 10:57:27 -0700},
	Date-Modified = {2008-09-26 10:57:38 -0700},
	Dewey-Call-Number = {005.133},
	Edition = {7th ed},
	Genre = {Java (Computer program language)},
	Isbn = {0131482025},
	Keywords = {Java, Languages},
	Library-Id = {2004109876},
	Publisher = {Sun Microsystems Press},
	Title = {Core Java 2},
	Year = {2005}}

@book{Niemeyer:2005fj,
	Address = {Sebastopol, CA},
	Annote = {LDR    01079cam  22002774a 4500
001    14138395
005    20070508140218.0
008    051012s2005    caua          001 0 eng  
906    $a7$bcbc$corigcop$d2$encip$f20$gy-gencatlg
925 0  $aacquire$b2 shelf copies$xpolicy default
955    $apv15 2005-10-12 z-processor to ASCD;$cjf03 2005-10-18 to Subj.$ajf00 2005-10-19$djf09 2005-10-19 to sl$ejf09 2005-10-19 to Dewey$aaa23 2005-10-27$aja21 2005-12-08 copy 2 added
010    $a  2005283476
020    $a0596008732
040    $aDLC$cDLC$dDLC
042    $apcc
050 00 $aQA76.73.J38$bN545 2005
082 00 $a005.13/3$222
100 1  $aNiemeyer, Patrick.
245 10 $aLearning Java /$cPatrick Niemeyer and Jonathan Knudsen.
250    $a3rd ed.
260    $aSebastopol, CA :$bO'Reilly,$cc2005.
300    $axx, 954 p. :$bill. ;$c24 cm. +$e1 CD-ROM (4 3/4 in.)
500    $aIncludes index.
650  0 $aJava (Computer program language)
700 1  $aKnudsen, Jonathan.
856 42 $3Publisher description$uhttp://www.loc.gov/catdir/enhancements/fy0715/2005283476-d.html
},
	Author = {Niemeyer, Patrick and Knudsen, Jonathan},
	Call-Number = {QA76.73.J38},
	Date-Added = {2008-09-26 10:54:46 -0700},
	Date-Modified = {2008-09-26 10:55:00 -0700},
	Dewey-Call-Number = {005.13/3},
	Edition = {3rd ed},
	Genre = {Java (Computer program language)},
	Isbn = {0596008732},
	Keywords = {Java, Languages},
	Library-Id = {2005283476},
	Publisher = {O'Reilly},
	Title = {Learning Java},
	Url = {http://www.loc.gov/catdir/enhancements/fy0715/2005283476-d.html},
	Year = {2005},
	Bdsk-Url-1 = {http://www.loc.gov/catdir/enhancements/fy0715/2005283476-d.html}}

@book{Stroustrup:2000hc,
	Address = {Reading, Mass.},
	Annote = {LDR    00906cam  2200253 a 4500
001    11852675
005    20000511113337.0
008    991130s2000    maua          001 0 eng  
906    $a7$bcbc$corignew$d1$eocip$f19$gy-gencatlg
925 0  $aacquire$b2 shelf copies$xpolicy default
955    $ato ASCD pc14 11-30-99; jf09 (desc) 12-1-1999 ; jf11 to sl 12-1-99; jf25 to Dewey 12-03-99; aa05 12-06-99; CIP ver. jp99 to jf00 05-03-00; ja15 to BCCD 05-11-00
010    $a   99059344 
020    $a0201700735
040    $aDLC$cDLC$dDLC
042    $apcc
050 00 $aQA76.73.C153$bS77 2000
082 00 $a005.13/3$221
100 1  $aStroustrup, Bjarne.
245 14 $aThe C++ programming language /$cBjarne Stroustrup.
250    $aSpecial ed.
260    $aReading, Mass. :$bAddison-Wesley,$cc2000.
300    $ax, 1019 p. :$bill. ;$c25 cm.
500    $aIncludes index.
650  0 $aC++ (Computer program language)
},
	Author = {Stroustrup, Bjarne},
	Call-Number = {QA76.73.C153},
	Date-Added = {2008-09-26 10:41:47 -0700},
	Date-Modified = {2008-09-26 10:42:03 -0700},
	Dewey-Call-Number = {005.13/3},
	Edition = {Special ed},
	Genre = {C++ (Computer program language)},
	Isbn = {0201700735},
	Keywords = {C++, Languages},
	Library-Id = {99059344},
	Publisher = {Addison-Wesley},
	Title = {The C++ programming language},
	Year = {2000}}

@book{Wall:2000qq,
	Address = {Beijing},
	Annote = {LDR    01039cam  22002774a 4500
001    12040122
005    20070508111919.0
008    000614s2000    ch a          001 0 eng  
906    $a7$bcbc$corignew$d1$eocip$f20$gy-gencatlg
925 0  $aacquire$b2 shelf copies$xpolicy default
955    $ato ASCD pc16 06-14-00;jf05 (desc) 06/14/00 ; jf11 to sl 6-14-00; jf12 to Dewey 06-14-00; aa07 06-15-00;CIP ver jf05 04/10/01; jf12 to BCCD 04-11-01
010    $a   00055799 
020    $a0596000278
040    $aDLC$cDLC$dDLC
042    $apcc
050 00 $aQA76.73.P22$bW35 2000
082 00 $a005.13/3$221
100 1  $aWall, Larry.
245 10 $aProgramming Perl /$cLarry Wall, Tom Christiansen & Jon Orwant.
250    $a3rd ed.
260    $aBeijing ;$aCambridge, Mass. :$bO'Reilly,$c2000.
300    $axxxiii, 1067 p. :$bill. ;$c24 cm.
650  0 $aPerl (Computer program language)
700 1  $aChristiansen, Tom.
700 1  $aOrwant, Jon.
856 42 $3Publisher description$uhttp://www.loc.gov/catdir/enhancements/fy0715/00055799-d.html
},
	Author = {Wall, Larry and Christiansen, Tom and Orwant, Jon},
	Call-Number = {QA76.73.P22},
	Date-Added = {2008-09-26 10:32:39 -0700},
	Date-Modified = {2008-09-26 10:33:05 -0700},
	Dewey-Call-Number = {005.13/3},
	Edition = {3rd ed},
	Genre = {Perl (Computer program language)},
	Isbn = {0596000278},
	Keywords = {Perl, Languages},
	Library-Id = {00055799},
	Publisher = {O'Reilly},
	Title = {Programming Perl},
	Url = {http://www.loc.gov/catdir/enhancements/fy0715/00055799-d.html},
	Year = {2000},
	Bdsk-Url-1 = {http://www.loc.gov/catdir/enhancements/fy0715/00055799-d.html}}

@book{Schwartz:2005rr,
	Address = {Sebastopol, CA},
	Annote = {LDR    01006cam  22002774a 4500
001    14191500
005    20070508141401.0
008    051207s2005    caua          001 0 eng  
906    $a7$bcbc$corigcop$d2$encip$f20$gy-gencatlg
925 0  $aacquire$b2 shelf copies$xpolicy default
955    $apv17 2005-12-07 z-processor to ASCD;$cjf03 2005-12-15 to Subj.$djf09 2005-12-19 to sl$ejf09 2005-12-19 to Dewey
010    $a  2005284199
020    $a0596101058 (pbk.)
040    $aDLC$cDLC$dDLC
042    $apcc
050 00 $aQA76.73.P22$bS37 2005
100 1  $aSchwartz, Randal L.
245 10 $aLearning Perl /$cRandal L. Schwartz, Tom Phoenix, and Brian D. Foy.
250    $a4th ed.
260    $aSebastopol, CA :$bO'Reilly,$c2005
300    $axvii, 283 p. :$bill. ;$c24 cm.
500    $aIncludes index.
650  0 $aPerl (Computer program language)
700 1  $aPhoenix, Tom.
700 1  $aFoy, Brian D.
856 42 $3Publisher description$uhttp://www.loc.gov/catdir/enhancements/fy0715/2005284199-d.html
},
	Author = {Schwartz, Randal L and Phoenix, Tom and Foy, Brian D},
	Call-Number = {QA76.73.P22},
	Date-Added = {2008-09-26 10:31:03 -0700},
	Date-Modified = {2008-09-26 10:31:20 -0700},
	Edition = {4th ed},
	Genre = {Perl (Computer program language)},
	Isbn = {0596101058 (pbk.)},
	Keywords = {Perl, Languages},
	Library-Id = {2005284199},
	Publisher = {O'Reilly},
	Title = {Learning Perl},
	Url = {http://www.loc.gov/catdir/enhancements/fy0715/2005284199-d.html},
	Year = {2005},
	Bdsk-Url-1 = {http://www.loc.gov/catdir/enhancements/fy0715/2005284199-d.html}}

@book{Kernighan:1988fp,
	Address = {Englewood Cliffs, N.J.},
	Annote = {LDR    00851pam  2200265 a 4500
001    1491800
005    19880729091835.0
008    880303s1988    nju           001 0 eng  
035    $9(DLC)   88005934
906    $a7$bcbc$corignew$d1$eocip$f19$gy-gencatlg
010    $a   88005934 
020    $a0131103709
020    $a0131103628 (pbk.)
040    $aDLC$cDLC$dDLC
050 00 $aQA76.73.C15$bK47 1988
082 00 $a005.13/3$219
100 1  $aKernighan, Brian W.
245 14 $aThe C programming language /$cBrian W. Kernighan, Dennis M. Ritchie.
250    $a2nd ed.
260    $aEnglewood Cliffs, N.J. :$bPrentice Hall,$cc1988.
300    $axii, 272 p. ;$c25 cm.
500    $aIncludes index.
650  0 $aC (Computer program language)
700 1  $aRitchie, Dennis M.,$d1941-
991    $bc-GenColl$hQA76.73.C15$iK47 1988$p00001105991$tCopy 1$wBOOKS
},
	Author = {Kernighan, Brian W and Ritchie, Dennis M.},
	Call-Number = {QA76.73.C15},
	Date-Added = {2008-09-26 10:28:48 -0700},
	Date-Modified = {2008-09-26 10:29:00 -0700},
	Dewey-Call-Number = {005.13/3},
	Edition = {2nd ed},
	Genre = {C (Computer program language)},
	Isbn = {0131103709},
	Keywords = {C, Languages},
	Library-Id = {88005934},
	Publisher = {Prentice Hall},
	Title = {The C programming language},
	Year = {1988}}

@book{Barnes:1991rm,
	Address = {Wokingham, Eng.},
	Annote = {LDR    01050pam  2200265 a 4500
001    1069608
005    19910717100413.7
008    910325s1991    enka     b    001 0 eng  
035    $9(DLC)   91013685
906    $a7$bcbc$corignew$d1$eocip$f19$gy-gencatlg
955    $apc05 to be00 03-25-91; be17 to SCD 03-25-91; fg09 03-26-91; fq21 04-01-91; CIP ver. be17 to SL 07-17-91
010    $a   91013685 
020    $a0201565390 :$c$55.00
040    $aDLC$cDLC$dDLC
050 00 $aQA76.73.A35$bB38 1991
082 00 $a005.13/3$220
100 1  $aBarnes, J. G. P.$q(John Gilbert Presslie)
245 10 $aProgramming in Ada :$bplus language reference manual /$cJ.G.P. Barnes.
250    $a3rd ed.
260    $aWokingham, Eng. ;$aReading, Mass. :$bAddison-Wesley,$cc1991.
300    $axviii, 813 p. :$bill. ;$c24 cm.
440  0 $aInternational computer science series
504    $aIncludes bibliographical references (p. 465-466) and index.
650  0 $aAda (Computer program language)
991    $bc-GenColl$hQA76.73.A35$iB38 1991$p00020394419$tCopy 1$wBOOKS
},
	Author = {Barnes, J. G. P},
	Call-Number = {QA76.73.A35},
	Date-Added = {2008-09-26 10:21:24 -0700},
	Date-Modified = {2008-09-26 10:21:43 -0700},
	Dewey-Call-Number = {005.13/3},
	Edition = {3rd ed},
	Genre = {Ada (Computer program language)},
	Isbn = {0201565390},
	Keywords = {Ada, Languages},
	Library-Id = {91013685},
	Publisher = {Addison-Wesley},
	Title = {Programming in Ada: plus language reference manual},
	Year = {1991}}

@book{Thompson:1999xy,
	Address = {Harlow, Eng.},
	Annote = {LDR    01007cam  2200265 a 4500
001    1673214
005    19990623105323.7
008    981110s1999    enka     b    001 0 eng  
035    $9(DLC)   98051704
906    $a7$bcbc$corignew$d1$eocip$f19$gy-gencatlg
955    $apc20 to ja00 11-10-98; jf03 to Subj. 11-10-98; jf11 to sl 11-12-98;jf12 11-12-98 to ddc; CIP ver. jf03 to SL 04-14-99
010    $a   98051704 
020    $a0201342758
040    $aDLC$cDLC$dDLC
050 00 $aQA76.62$b.T43 1999
082 00 $a005.13/3$221
100 1  $aThompson, Simon.
245 10 $aHaskell :$bthe craft of functional programming /$cSimon Thompson.
250    $a2nd ed.
260    $aHarlow, Eng. ;$aReading, Mass. :$bAddison Wesley,$c1999.
300    $axx, 487 p. :$bill. ;$c24 cm.
504    $aIncludes bibliographical references and index.
650  0 $aFunctional programming (Computer science)
920    $a** LC HAS REQ'D # OF SHELF COPIES **
991    $bc-GenColl$hQA76.62$i.T43 1999$p00055630215$tCopy 1$wBOOKS
},
	Author = {Thompson, Simon},
	Call-Number = {QA76.62},
	Date-Added = {2008-09-26 10:18:50 -0700},
	Date-Modified = {2008-09-26 10:19:42 -0700},
	Dewey-Call-Number = {005.13/3},
	Edition = {2nd ed},
	Genre = {Functional programming (Computer science)},
	Isbn = {0201342758},
	Keywords = {Haskell, Languages, Functional},
	Library-Id = {98051704},
	Publisher = {Addison Wesley},
	Title = {Haskell: the craft of functional programming},
	Year = {1999}}

@book{Cormen:1990jk,
	Address = {Cambridge, Mass.},
	Annote = {LDR    01078cam  2200301 a 4500
001    2925650
005    20040520071239.0
008    890803s1990    maua     b    001 0 eng  
035    $9(DLC)   89013027
906    $a7$bcbc$corignew$d1$eocip$f19$gy-gencatlg
010    $a   89013027 
020    $a0262031418
020    $a0070131430 (McGraw-Hill)
040    $aDLC$cDLC$dDLC
050 00 $aQA76.6$b.C662 1990
082 00 $a005.1$220
100 1  $aCormen, Thomas H.
245 10 $aIntroduction to algorithms /$cThomas H. Cormen, Charles E. Leiserson, Ronald L. Rivest.
260    $aCambridge, Mass. :$bMIT Press ;$aNew York :$bMcGraw-Hill,$cc1990.
300    $axvii, 1028 p. :$bill. ;$c26 cm.
440  4 $aThe MIT electrical engineering and computer science series
504    $aIncludes bibliographcal references (p. [987]-996) and index.
650  0 $aComputer programming.
650  0 $aComputer algorithms.
700 1  $aLeiserson, Charles Eric.
700 1  $aRivest, Ronald L.
740 0  $aAlgorithms.
991    $bc-GenColl$hQA76.6$i.C662 1990$p00019566961$tCopy 1$wBOOKS
},
	Author = {Cormen, Thomas H and Leiserson, Charles Eric and Rivest, Ronald L},
	Call-Number = {QA76.6},
	Date-Added = {2008-09-03 07:35:54 -0700},
	Date-Modified = {2008-09-03 07:37:12 -0700},
	Dewey-Call-Number = {005.1},
	Edition = {19th printing},
	Genre = {Computer programming},
	Isbn = {0262031418},
	Keywords = {Algorithms, Computer Science, Data Structures},
	Library-Id = {89013027},
	Publisher = {MIT Press},
	Title = {Introduction to algorithms},
	Year = {1990}}

@book{Spivey:1992qy,
	Address = {New York},
	Annote = {LDR    01055pam  2200277 a 4500
001    3921797
005    19920728095708.1
008    920207s1992    nyu           001 0 eng  
035    $9(DLC)   92006090
906    $a7$bcbc$corignew$d1$eocip$f19$gy-gencatlg
955    $apc03 to bt00 02-07-92; bt14/bt07 to SCD 02-14-92; fg09 02-14-92; fn02 02-25-92; CIP ver. nb07 06-30-92
010    $a   92006090 
020    $a0139785299 :$c$18.99
040    $aDLC$cDLC$dDLC
050 00 $aQA76.73.Z2$bS66 1992
082 00 $a005.1/1$220
100 1  $aSpivey, J. M.
245 14 $aThe Z notation :$ba reference manual /$cJ.M. Spivey ; based on the work of J.R. Abrial ... [et al.].
250    $a2nd ed.
260    $aNew York :$bPrentice Hall,$c1992.
300    $axi, 158 p. ;$c24 cm.
490 1  $aPrentice Hall international series in computer science
500    $aIncludes indexes.
650  0 $aZ (Computer program language)
830  0 $aPrentice-Hall international series in computer science.
991    $bc-GenColl$hQA76.73.Z2$iS66 1992$p00018915996$tCopy 1$wBOOKS
},
	Author = {Spivey, J. M},
	Call-Number = {QA76.73.Z2},
	Date-Added = {2008-03-04 16:25:44 -0700},
	Date-Modified = {2008-03-04 16:26:27 -0700},
	Dewey-Call-Number = {005.1/1},
	Edition = {2nd ed},
	Genre = {Z (Computer program language)},
	Isbn = {0139785299},
	Keywords = {Computer Science, Formal Methods},
	Library-Id = {92006090},
	Publisher = {Prentice Hall},
	Series = {Prentice Hall international series in computer science},
	Title = {The Z notation : a reference manual},
	Year = {1992}}

@book{Cormen:1990yu,
	Address = {Cambridge, Mass.},
	Annote = {LDR    01078cam  2200301 a 4500
001    2925650
005    20040520071239.0
008    890803s1990    maua     b    001 0 eng  
035    $9(DLC)   89013027
906    $a7$bcbc$corignew$d1$eocip$f19$gy-gencatlg
010    $a   89013027 
020    $a0262031418
020    $a0070131430 (McGraw-Hill)
040    $aDLC$cDLC$dDLC
050 00 $aQA76.6$b.C662 1990
082 00 $a005.1$220
100 1  $aCormen, Thomas H.
245 10 $aIntroduction to algorithms /$cThomas H. Cormen, Charles E. Leiserson, Ronald L. Rivest.
260    $aCambridge, Mass. :$bMIT Press ;$aNew York :$bMcGraw-Hill,$cc1990.
300    $axvii, 1028 p. :$bill. ;$c26 cm.
440  4 $aThe MIT electrical engineering and computer science series
504    $aIncludes bibliographcal references (p. [987]-996) and index.
650  0 $aComputer programming.
650  0 $aComputer algorithms.
700 1  $aLeiserson, Charles Eric.
700 1  $aRivest, Ronald L.
740 0  $aAlgorithms.
991    $bc-GenColl$hQA76.6$i.C662 1990$p00019566961$tCopy 1$wBOOKS
},
	Author = {Cormen, Thomas H and Leiserson, Charles Eric and Rivest, Ronald L},
	Call-Number = {QA76.6},
	Date-Added = {2008-02-04 18:10:14 -0700},
	Date-Modified = {2008-02-04 18:11:42 -0700},
	Dewey-Call-Number = {005.1},
	Genre = {Computer programming},
	Isbn = {0262031418},
	Keywords = {Algorithms, Computer Science},
	Library-Id = {89013027},
	Publisher = {MIT Press},
	Title = {Introduction to algorithms},
	Year = {1990}}

@book{Hennessy:2003qf,
	Address = {San Francisco, CA},
	Annote = {LDR    01390cam  22003134a 4500
001    12627185
005    20030709193633.0
008    011221s2003    caua     b    001 0 eng  
906    $a7$bcbc$corignew$d2$eepcn$f20$gy-gencatlg
925 0  $aacquire$b2 shelf copies$xpolicy default
955    $apc21 2001-12-21$apv11 2002-05-20 to ASCD$ajf00 2002-05-22$djf09 2002-10-04 to sl$ejf12 2002-10-15 to Dewey$aaa20 2002-10-25
010    $a  2001099789
020    $a1558605967 (cloth : alk. paper)
040    $aDLC$cDLC$dDLC
042    $apcc
050 00 $aQA76.9.A73$bP377 2003
082 00 $a004.2/2$221
100 1  $aHennessy, John L.
245 10 $aComputer architecture :$ba quantitative approach /$cJohn L. Hennessy, David A. Patterson, with contributions by David Goldberg, Krste Asanovic.
250    $a3rd ed.
260    $aSan Francisco, CA :$bMorgan Kaufmann Publishers,$cc2003.
300    $a1 v. (various pagings) :$bill. ;$c25 cm.
500    $aOn t.p. of previous ed. David A Patterson's name appeared first.
504    $aIncludes bibliographical references and index.
650  0 $aComputer architecture.
700 1  $aPatterson, David A.
700 1  $aPatterson, David A.$tComputer architecture.
856 42 $3Publisher description$uhttp://www.loc.gov/catdir/description/els031/2001099789.html
856 41 $3Table of contents$uhttp://www.loc.gov/catdir/toc/els031/2001099789.html
},
	Author = {Hennessy, John L and Patterson, David A and Patterson, David A},
	Call-Number = {QA76.9.A73},
	Date-Added = {2008-01-27 09:30:09 -0700},
	Date-Modified = {2008-01-27 09:31:25 -0700},
	Dewey-Call-Number = {004.2/2},
	Edition = {3rd ed},
	Genre = {Computer architecture},
	Isbn = {1558605967 (cloth : alk. paper)},
	Keywords = {Computer Science, Computer Architecture},
	Library-Id = {2001099789},
	Publisher = {Morgan Kaufmann Publishers},
	Title = {Computer architecture : a quantitative approach},
	Url = {http://www.loc.gov/catdir/description/els031/2001099789.html},
	Year = {2003},
	Bdsk-Url-1 = {http://www.loc.gov/catdir/description/els031/2001099789.html}}

@book{Worsley:2002qf,
	Address = {Sebastopol, CA},
	Annote = {LDR    01030cam  22002774a 4500
001    12842210
005    20070508120858.0
008    020703s2002    caua          001 0 eng c
906    $a7$bcbc$cpccadap$d2$encip$f20$gy-gencatlg
925 0  $aacquire$b2 shelf copy$xpolicy default
955    $aps16 2002-07-03 2 copies to ASCD$ajf00 2002-07-09;$ijf04 2002-07-10 to S.L.$ejb15 2002-08-08 to Dewey 2 c.
010    $a  2002283901
035    $a(OCoLC)ocm48846108
040    $aVYR$cVYR$dTXA$dDLC
020    $a1565928466 (pbk.)
042    $apcc
050 00 $aQA76.9.D3$bW72 2002
100 1  $aWorsley, John C.
245 10 $aPractical PostgreSQL /$cJohn C. Worsley and Joshua D. Drake.
260    $aSebastopol, CA :$bO'Reilly & Associates,$cc2002.
300    $axiv, 619 p. :$bill. ;$c23 cm. +$e1 CD-ROM (4 3/4 in.)
500    $aIncludes index.
650  0 $aDatabase management.
630 00 $aPostgreSQL.
700 1  $aDrake, Joshua D.
856 42 $3Publisher description$uhttp://www.loc.gov/catdir/enhancements/fy0715/2002283901-d.html
},
	Author = {Worsley, John C and Drake, Joshua D},
	Call-Number = {QA76.9.D3},
	Date-Added = {2008-01-18 17:27:09 -0700},
	Date-Modified = {2008-01-18 17:28:09 -0700},
	Genre = {Database management},
	Isbn = {1565928466 (pbk.)},
	Keywords = {Programming, Database},
	Library-Id = {2002283901},
	Publisher = {O'Reilly & Associates},
	Title = {Practical PostgreSQL},
	Url = {http://www.loc.gov/catdir/enhancements/fy0715/2002283901-d.html},
	Year = {2002},
	Bdsk-Url-1 = {http://www.loc.gov/catdir/enhancements/fy0715/2002283901-d.html}}

@book{Sonnenreich:2000it,
	Address = {New York},
	Annote = {LDR    01286cam  2200325 a 4500
001    2158423
005    20070123104234.0
008    990528s2000    nyua          001 0 eng  
906    $a7$bcbc$corignew$d1$eocip$f19$gy-gencatlg
955    $apc02 to ja00 05-28-99; jf09 to subj 5-28-99; jf11 to sl 06-01-99; jf25 06-02-99 to ddc; CIP ver. jb08 05-03-00 to jf00; jf25 to BCCD 05-11-00
035    $9(DLC)   99035419
010    $a   99035419 
020    $a0471353663 (pbk. : alk. paper)
040    $aDLC$cDLC$dDLC
042    $apcc
050 00 $aQA76.9.A25$bS66 2000
082 00 $a005.8$221
100 1  $aSonnenreich, Wes,$d1974-
245 10 $aBuilding Linux and OpenBSD firewalls /$cWes Sonnenreich, Tom Yates.
260    $aNew York :$bWiley,$cc2000.
300    $axxi, 362 p. :$bill. ;$c24 cm.
650  0 $aComputer security.
630 00 $aLinux.
630 00 $aOpenBSD (Electronic resource)
650  0 $aOperating systems (Computers)
700 1  $aYates, Tom,$d1967-
856 42 $3Publisher description$uhttp://www.loc.gov/catdir/description/wiley035/99035419.html
856 4  $3Table of Contents$uhttp://www.loc.gov/catdir/toc/onix06/99035419.html
856 42 $3Contributor biographical information$uhttp://www.loc.gov/catdir/enhancements/fy0705/99035419-b.html
984    $agsl
},
	Author = {Sonnenreich, Wes and Yates, Tom},
	Call-Number = {QA76.9.A25},
	Date-Added = {2007-12-31 16:44:01 -0700},
	Date-Modified = {2007-12-31 16:44:33 -0700},
	Dewey-Call-Number = {005.8},
	Genre = {Computer security},
	Isbn = {0471353663 (pbk. : alk. paper)},
	Keywords = {Linux, OpenBSD, Firewall, Security},
	Library-Id = {99035419},
	Publisher = {Wiley},
	Title = {Building Linux and OpenBSD firewalls},
	Url = {http://www.loc.gov/catdir/description/wiley035/99035419.html},
	Year = {2000},
	Bdsk-Url-1 = {http://www.loc.gov/catdir/description/wiley035/99035419.html}}

@book{Crandall:1996wd,
	Address = {New York, N.Y.},
	Annote = {LDR    01215nam  2200325 a 4500
001    1167563
005    19960515125746.4
008    960212s1996    nyua     b    001 0 eng  
035    $9(DLC)   96114475
906    $a7$bcbc$corignew$d2$encip$f19$gy-gencatlg
955    $apb18 02-12-96 to Cat.; je00 2-14-96; to jd00 03-13-96; jd42 03-20-96; JD42/JD00 04-03-96; jd99 04-15-96;; jd85 04-22-96
010    $a   96114475 
020    $a0387944737
040    $aDLC$cDLC
050 00 $aQA9.58$b.C73 1996
082 00 $a510/.285/51$220
100 1  $aCrandall, Richard E.,$d1947-
245 10 $aTopics in advanced scientific computation /$cRichard E. Crandall.
246 30 $aAdvanced scientific computation
260    $aNew York, N.Y. :$bSpringer-Telos,$cc1996.
300    $aix, 340 p. :$bill. ;$c24 cm.
500    $aOnline files.
504    $aIncludes bibliographical references (p. [319]-330) and index.
650  0 $aAlgorithms.
650  0 $aScience$xData processing.
650  0 $aNumerical analysis$xData processing.
920    $a** LC HAS REQ'D # OF SHELF COPIES **
922    $aco
991    $bc-GenColl$hQA9.58$i.C73 1996$tCopy 1$wBOOKS
991    $bc-GenColl$hQA9.58$i.C73 1996$p00023608728$tCopy 2$wCCF
},
	Author = {Crandall, Richard E.},
	Call-Number = {QA9.58},
	Date-Added = {2007-12-31 16:29:22 -0700},
	Date-Modified = {2008-02-05 17:29:30 -0700},
	Dewey-Call-Number = {510/.285/51},
	Genre = {Algorithms},
	Isbn = {0387944737},
	Keywords = {Numerical Analysis},
	Library-Id = {96114475},
	Publisher = {Springer-Telos},
	Title = {Topics in advanced scientific computation},
	Year = {1996}}

@book{Sterling:1999hl,
	Address = {Cambridge, Mass},
	Annote = {LDR    01255pam  2200301 a 4500
001    3561927
005    20000605164004.0
008    980909s1999    maua     b    001 0 eng  
035    $9(DLC)   98037596
906    $a7$bcbc$corignew$d1$eocip$f19$gy-gencatlg
955    $apc05 to ja00 09-09-98; jf05 to subj. 09/11/98; jf11 to SHED 09-14-98; ta25 return to JF00 09-21-98; jf25 09-22-98 to ddc; CIP ver. jf03 to SL 06-21-99
010    $a   98037596 
020    $a026269218X (pbk. : alk. paper)
040    $aDLC$cDLC$dDLC
050 00 $aQA76.58$b.H69 1999
082 00 $a004/.36$221
245 00 $aHow to build a Beowulf :$ba guide to the implementation and application of PC clusters /$cThomas L. Sterling ... [et al.].
260    $aCambridge, Mass :$bMIT Press,$cc1999.
300    $axxi, 239 p. :$bill. ;$c23 cm.
490 1  $aScientific and engineering computation series.
504    $aIncludes bibliographical references and index.
650  0 $aParallel computers.
650  0 $aElectronic data processing$xDistributed processing.
650  0 $aBeowulf clusters (Computer systems)
700 1  $aSterling, Thomas Lawrence.
830  0 $aScientific and engineering computation.
984    $agsl
991    $bc-GenColl$hQA76.58$i.H69 1999$tCopy 1$wBOOKS
},
	Author = {Sterling, Thomas Lawrence and Salmon, John and Becker, Donald J. and Savarese, Daniel F.},
	Call-Number = {QA76.58},
	Date-Added = {2007-12-31 11:52:55 -0700},
	Date-Modified = {2007-12-31 11:54:09 -0700},
	Dewey-Call-Number = {004/.36},
	Genre = {Parallel computers},
	Isbn = {026269218X (pbk. : alk. paper)},
	Keywords = {Cluser Computing},
	Library-Id = {98037596},
	Publisher = {MIT Press},
	Series = {Scientific and engineering computation series},
	Title = {How to build a Beowulf : a guide to the implementation and application of PC clusters},
	Year = {1999}}

@book{Buyya:1999vn,
	Address = {Upper Saddle River, N.J.},
	Annote = {LDR    01180cam  2200289 a 4500
001    3575039
005    20001023105743.0
008    990120m19999999njua     b    001 0 eng  
035    $9(DLC)   99017906
906    $a7$bcbc$corignew$d1$eocip$f19$gy-gencatlg
925 0  $aacquire$b2 shelf copies$xpolicy default
955    $apc20 to ja00 01-20-99; jf03 to Subj. 01-21-99; jf11 to sl 01-21-99; jf25 01-22-99 to ddc; bk rec'd, to CIP ver. pb18 08-30-99; CIP ver jf07 09-21-99; jf25 v. 2 to BCCD 10-23-00
955    $aADDED VOLS: v. 2 to ASCD ps14 05-15-00; v. 2 added jf05 09/11/00
010    $a   99017906 
020    $a0130137847 (v. 1)
020    $a0130137855 (v. 2)
040    $aDLC$cDLC$dDLC
050 00 $aQA76.88$b.H489 1999
082 00 $a004/.3$221
245 00 $aHigh performance cluster computing /$cedited by Rajkumar Buyya.
260    $aUpper Saddle River, N.J. :$bPrentice Hall PTR,$cc1999.
300    $a2 v. :$bill.$c25 cm.
504    $aIncludes bibliographical references and index.
505 1  $av. l. Architectures and systems -- v. 2. Programming and applications.
650  0 $aHigh performance computing.
700 1  $aBuyya, Rajkumar,$d1970-
984    $agsl
},
	Author = {Buyya, Rajkumar},
	Call-Number = {QA76.88},
	Date-Added = {2007-12-31 11:50:10 -0700},
	Date-Modified = {2007-12-31 11:51:03 -0700},
	Dewey-Call-Number = {004/.3},
	Genre = {High performance computing},
	Isbn = {0130137847 (v. 1)},
	Keywords = {Cluster Computing},
	Library-Id = {99017906},
	Publisher = {Prentice Hall PTR},
	Title = {High performance cluster computing},
	Year = {1999}}

@book{Lee:1992qf,
	Address = {Boston},
	Annote = {LDR    00997pam  2200265 a 4500
001    3433607
005    19920203154703.7
008    910918s1992    maua     b    001 0 eng  
035    $9(DLC)   91032356
906    $a7$bcbc$corignew$d1$eocip$f19$gy-gencatlg
955    $apc03 to br00 09-18-91; br02 to SCD 09-20-91; fg09 09-20-91; fm25 09-25-91; CIP ver. ba38 to SL 02-03-92
010    $a   91032356 
020    $a086720219X
040    $aDLC$cDLC$dDLC
050 00 $aQA76.9.A43$bL44 1991
082 00 $a005.7/3$220
100 1  $aLee, E. Stewart.
245 10 $aAlgorithms and data structures in computer engineering /$cE. Stewart Lee.
260    $aBoston :$bJones and Bartlett Publishers,$cc1992.
300    $axiv, 217 p. :$bill. ;$c24 cm.
504    $aIncludes bibliographical references (p. 211) and index.
650  0 $aComputer algorithms.
650  0 $aData structures (Computer science)
650  0 $aComputer engineering.
991    $bc-GenColl$hQA76.9.A43$iL44 1991$p00034967489$tCopy 1$wBOOKS
},
	Author = {Lee, E. Stewart},
	Call-Number = {QA76.9.A43},
	Date-Added = {2007-12-31 10:01:19 -0700},
	Date-Modified = {2007-12-31 10:02:01 -0700},
	Dewey-Call-Number = {005.7/3},
	Genre = {Computer algorithms},
	Isbn = {086720219X},
	Keywords = {Computer Science, Algorithms, Data Structures},
	Library-Id = {91032356},
	Publisher = {Jones and Bartlett Publishers},
	Title = {Algorithms and data structures in computer engineering},
	Year = {1992}}

@book{Burden:1985NA,
	Address = {Boston, MA},
	Author = {Richard L. Burden and J. Douglas Faires},
	Date-Added = {2007-12-20 20:45:53 -0700},
	Date-Modified = {2007-12-20 20:52:27 -0700},
	Edition = {3rd},
	Keywords = {Numerical Analysis},
	Publisher = {Prindle, Weber & Schmidt},
	Title = {Numerical Analysis},
	Year = {1985}}

@book{Press:1992vn,
	Address = {Cambridge},
	Annote = {LDR    01181cam  2200301 a 4500
001    3018773
005    20020828202237.0
008    940113s1992    enka     b    001 0 eng  
035    $9(DLC)   94105607
906    $a7$bcbc$corignew$d2$encip$f19$gy-gencatlg
955    $ajf06 to subj 01-13-94; jf11 to sl 01-13-94; jf14 03-02-94
010    $a   94105607 
020    $a0521431085
020    $a0521437202 (book in C)
040    $aDLC$cDLC$dDLC
050 00 $aQA76.73.C15$bN865 1992
082 00 $a519.4/0285/53$220
245 00 $aNumerical recipes in C :$bthe art of scientific computing /$cWilliam H. Press ... [et al.].
250    $a2nd ed.
260    $aCambridge ;$aNew York :$bCambridge University Press,$c1992.
300    $axxvi, 994 p.:$bill. ;$c24 cm.
504    $aIncludes bibliographical references (p. 926-929) and index.
650  0 $aC (Computer program language)
700 1  $aPress, William H.
856 42 $3Publisher description$uhttp://www.loc.gov/catdir/description/cam026/94105607.html
856 41 $3Table of contents$uhttp://www.loc.gov/catdir/toc/cam028/94105607.html
922    $acf
991    $bc-GenColl$hQA76.73.C15$iN865 1992$p00017239144$tCopy 1$wBOOKS
},
	Author = {Press, William H},
	Call-Number = {QA76.73.C15},
	Date-Added = {2007-12-20 20:42:07 -0700},
	Date-Modified = {2007-12-20 20:43:08 -0700},
	Dewey-Call-Number = {519.4/0285/53},
	Edition = {2nd ed},
	Genre = {C (Computer program language)},
	Isbn = {0521431085},
	Keywords = {Programming, Numerical Analysis},
	Library-Id = {94105607},
	Publisher = {Cambridge University Press},
	Title = {Numerical recipes in C : the art of scientific computing},
	Url = {http://www.loc.gov/catdir/description/cam026/94105607.html},
	Year = {1992},
	Bdsk-Url-1 = {http://www.loc.gov/catdir/description/cam026/94105607.html}}

@book{Dominus:2005qf,
	Address = {Amsterdam},
	Annote = {LDR    01294cam  22002894a 4500
001    13669663
005    20061010092705.0
008    040728s2005    ne a          001 0 eng  
906    $a7$bcbc$corignew$d1$eecip$f20$gy-gencatlg
925 0  $aacquire$b2 shelf copies$xpolicy default
955    $ajf03 2004-07-28$cjf03 2004-07-28 to Subj.$djf09 2004-07-28 to sl$ejf12 2004-08-02 to Dewey$aaa24 2004-08-02$aps13 2005-03-23 2 copies rec'd., to CIP ver.$fpa08 2005-05-05$gpa08 2005-05-05 2 copies to BCCD
010    $a  2004017815
020    $a1558607013 (pbk. : alk. paper)
040    $aDLC$cDLC$dDLC
042    $apcc
050 00 $aQA76.73.P22$bD56 2005
082 00 $a005.13/3$222
100 1  $aDominus, Mark Jason,$d1969-
245 10 $aHigher-order Perl :$btransforming programs with programs /$cMark Jason Dominus.
250    $a1st ed.
260    $aAmsterdam ;$aBoston, Mass. :$bMorgan Kaufmann Publishers,$cc2005.
300    $axviii, 582 p. ;$bill. ;$c24 cm.
500    $aIncludes indexes.
650  0 $aPerl (Computer program language)
650  0 $aObject-oriented programming (Computer science)
856 41 $3Table of contents only$uhttp://www.loc.gov/catdir/toc/ecip0421/2004017815.html
856 42 $3Publisher description$uhttp://www.loc.gov/catdir/enhancements/fy0616/2004017815-d.html
},
	Author = {Dominus, Mark Jason},
	Call-Number = {QA76.73.P22},
	Date-Added = {2007-12-20 08:31:44 -0700},
	Date-Modified = {2007-12-31 16:43:23 -0700},
	Dewey-Call-Number = {005.13/3},
	Edition = {1st ed},
	Genre = {Perl (Computer program language)},
	Isbn = {1558607013 (pbk. : alk. paper)},
	Keywords = {Programming, Perl, Functional},
	Library-Id = {2004017815},
	Publisher = {Morgan Kaufmann Publishers},
	Rating = {4},
	Read = {Yes},
	Title = {Higher-order Perl : transforming programs with programs},
	Url = {http://www.loc.gov/catdir/toc/ecip0421/2004017815.html},
	Year = {2005},
	Bdsk-Url-1 = {http://www.loc.gov/catdir/toc/ecip0421/2004017815.html}}

@book{Knuth:1997kx,
	Address = {Reading, Mass.},
	Annote = {LDR    01248cam  2200325 a 4500
001    3069020
005    20060725072637.0
008    970115s1997    maua          001 0 eng  
035    $9(DLC)   97002147
906    $a7$bcbc$corignew$d1$eocip$f19$gy-gencatlg
955    $apc21 RUSH to ja00 01-16-96; jf02 01-16-97; jf11 to sl 01-16-96;jf12 01-16-97; CIP ver. pv07 08-08-97
010    $a   97002147 
020    $a0201896834 (v. 1 : acid-free paper)
020    $a0201896842 (v. 2 : acid-free paper)
020    $a0201896850 (v. 3 : acid-free paper)
040    $aDLC$cDLC$dDLC
050 00 $aQA76.6$b.K64 1997
082 00 $a005.1$221
100 1  $aKnuth, Donald Ervin,$d1938-
245 14 $aThe art of computer programming /$cDonald E. Knuth.
250    $a3rd ed.
260    $aReading, Mass. :$bAddison-Wesley,$cc1997.
300    $a3 v. :$bill. ;$c24 cm.
500    $aIncludes indexes.
505 1  $av. 1. Fundamental algorithms -- v. 2. Seminumerical algorithms -- v. 3. Sorting and searching.
650  0 $aComputer programming.
650  0 $aComputer algorithms.
920    $a** LC HAS REQ'D # OF SHELF COPIES **
991    $bc-GenColl$hQA76.6$i.K64 1997$tCopy 1$wBOOKS
991    $br-SciRR$hQA76.6$i.K64 1997$tCopy 1$wGenBib bi 97-016298
},
	Author = {Knuth, Donald Ervin},
	Call-Number = {QA76.6},
	Date-Added = {2007-12-19 20:15:43 -0700},
	Date-Modified = {2008-02-04 18:11:20 -0700},
	Dewey-Call-Number = {005.1},
	Edition = {3rd ed},
	Genre = {Computer programming},
	Isbn = {0201896834 (v. 1 : acid-free paper)},
	Keywords = {Knuth, Programming, Computer Science},
	Library-Id = {97002147},
	Publisher = {Addison-Wesley},
	Title = {The art of computer programming},
	Year = {1997}}

@comment{BibDesk Static Groups{
<?xml version="1.0" encoding="UTF-8"?>
<!DOCTYPE plist PUBLIC "-//Apple Computer//DTD PLIST 1.0//EN" "http://www.apple.com/DTDs/PropertyList-1.0.dtd">
<plist version="1.0">
<array>
	<dict>
		<key>group name</key>
		<string>IEE 572</string>
		<key>keys</key>
		<string>Montgomery:2008fj</string>
	</dict>
</array>
</plist>
}}
